<?xml version="1.0" encoding="UTF-8"?><collection xmlns="http://www.loc.gov/MARC21/slim"><record><leader>00639nam--2200181-i-4500</leader><controlfield tag="001">000040982</controlfield><controlfield tag="002">20161230</controlfield><controlfield tag="005">20161230201042</controlfield><controlfield tag="008">060222s1000------------r-----000-0-eng-d</controlfield><datafield ind1=" " ind2=" " tag="040"><subfield code="a">IFIN-HH</subfield></datafield><datafield ind1=" " ind2=" " tag="080"><subfield code="a">535-1.08(061.3)</subfield></datafield><datafield ind1="1" ind2=" " tag="110"><subfield code="a">Infrared Information And Analysis Center</subfield></datafield><datafield ind1="1" ind2="0" tag="245"><subfield code="a">Proceedings of the special meeting on the physics of detectors</subfield><subfield code="b">Held at naval training device center orlando, florida, 15 march 1972. sponsored by the office of naval research</subfield></datafield><datafield ind1=" " ind2=" " tag="260"><subfield code="a">Ann Arbor, Michigan</subfield><subfield code="b">The University Of Michigan</subfield><subfield code="c">1972</subfield></datafield><datafield ind1=" " ind2=" " tag="300"><subfield code="a">143 p</subfield></datafield><datafield ind1=" " ind2=" " tag="490"><subfield code="a">Proceedings</subfield></datafield><datafield ind1=" " ind2=" " tag="852"><subfield code="a">39474</subfield><subfield code="c">535</subfield></datafield><datafield ind1=" " ind2=" " tag="CAT"><subfield code="a">Sys</subfield><subfield code="c">20101103</subfield><subfield code="h">155726</subfield></datafield></record></collection>